@inproceedings{DBLP:conf/tacas/BeckerJMRST20,
  author    = {Benedikt F. H. Becker and
               Nicolas Jeannerod and
               Claude March{\'{e}} and
               Yann R{\'{e}}gis{-}Gianas and
               Mihaela Sighireanu and
               Ralf Treinen},
  editor    = {Armin Biere and
               David Parker},
  title     = {Analysing installation scenarios of Debian packages},
  booktitle = {Tools and Algorithms for the Construction and Analysis of Systems
               - 26th International Conference, {TACAS} 2020, Held as Part of the
               European Joint Conferences on Theory and Practice of Software, {ETAPS}
               2020, Dublin, Ireland, April 25-30, 2020, Proceedings, Part {II}},
  series    = {Lecture Notes in Computer Science},
  volume    = {12079},
  pages     = {235--253},
  publisher = {Springer},
  year      = {2020},
  url       = {https://doi.org/10.1007/978-3-030-45237-7\_14},
  doi       = {10.1007/978-3-030-45237-7\_14},
  timestamp = {Wed, 12 Aug 2020 17:59:01 +0200},
  biburl    = {https://dblp.org/rec/conf/tacas/BeckerJMRST20.bib},
  bibsource = {dblp computer science bibliography, https://dblp.org}
}

@inproceedings{becker:hal-02276257,
  TITLE = {{Ghost Code in Action: Automated Verification of a Symbolic Interpreter}},
  AUTHOR = {Becker, Benedikt and March{\'e}, Claude},
  URL = {https://hal.inria.fr/hal-02276257},
  BOOKTITLE = {Verified Software: Tools, Techniques and Experiments},
  EDITOR = {Supratik Chakraborty and Jorge A.Navas},
  SERIES = {Lecture Notes in Computer Science},
  YEAR = {2019},
  PDF = {https://hal.inria.fr/hal-02276257/file/Ghost_Code_in_Action_Automated_Verification_of_a_Symbolic_Interpreter.pdf},
  HAL_ID = {hal-02276257},
  HAL_VERSION = {v1},
}

@inproceedings{regisgianas:hal-01890044,
  TITLE = {{Morbig}: A Static Parser for {POSIX} Shell},
  AUTHOR = {R{\'e}gis-Gianas, Yann and Jeannerod, Nicolas and Treinen, Ralf},
  URL = {https://hal.archives-ouvertes.fr/hal-01890044},
  BOOKTITLE = {ACM SIGPLAN International Conference on Software Language Engineering},
  pages     = {29--41},
  editor    = {David Pearce and Tanja Mayerhofer and Friedrich Steimann},
  YEAR = {2018},
  month = nov,
  address = "Boston, MA, USA",
  DOI = {10.1145/3276604.3276615},
  KEYWORDS = {Parsing ; POSIX shell ; Functional programming},
  PDF = {https://hal.archives-ouvertes.fr/hal-01890044/file/main.pdf},
  HAL_ID = {hal-01890044},
  HAL_VERSION = {v1},
}

@inproceedings{jeannerod:hal-01807474,
  TITLE = {Deciding the First-Order Theory of an Algebra of Feature Trees with Updates},
  AUTHOR = {Jeannerod, Nicolas and Treinen, Ralf},
  URL = {https://hal.archives-ouvertes.fr/hal-01807474},
  BOOKTITLE = {9th International Joint Conference on Automated Reasoning},
  editor    = {Didier Galmiche and Stephan Schulz and Roberto Sebastiani},
  YEAR = {2018},
  month = jul,
  pages = {439--454},
  address = {Oxford, UK},
  series    = {Lecture Notes in Computer Science},
  volume    = {10900},
  publisher = {Springer},
  HAL_ID = {hal-01807474},
  HAL_VERSION = {v1},
}

@inproceedings{jeannerod:hal-01534747,
  TITLE = {{A Formally Verified Interpreter for a Shell-like Programming Language}},
  AUTHOR = {Jeannerod, Nicolas and March{\'e}, Claude and Treinen, Ralf},
  URL = {https://hal.archives-ouvertes.fr/hal-01534747},
  BOOKTITLE = {9th Working Conference on Verified Software: Theories, Tools, and Experiments},
  SERIES = {Lecture Notes in Computer Science},
  VOLUME = {10712},
  YEAR = {2017},
  PDF = {https://hal.archives-ouvertes.fr/hal-01534747/file/jeannerod-marche-treinen-vstte17.pdf},
  HAL_ID = {hal-01534747},
  HAL_VERSION = {v1},
}

@inproceedings{jeannerod:hal-01432034,
  TITLE = {Le coquillage dans le {CoLiS}-mateur},
  AUTHOR = {Jeannerod, Nicolas},
  URL = {https://hal.archives-ouvertes.fr/hal-01432034},
  BOOKTITLE = {Vingt-huiti{\`e}me Journ{\'e}es Francophones des Langages Applicatifs},
  YEAR = {2017},
  PDF = {https://hal.archives-ouvertes.fr/hal-01432034/file/main.pdf},
  HAL_ID = {hal-01432034},
  HAL_VERSION = {v1},
}

@techreport{jeannerod:hal-01513750,
  TITLE = {Having Fun With 31.521 Shell Scripts},
  AUTHOR = {Jeannerod, Nicolas and R{\'e}gis-Gianas, Yann and Treinen, Ralf},
  URL = {https://hal.archives-ouvertes.fr/hal-01513750},
  YEAR = {2017},
  INSTITUTION = {HAL Archives Ouvertes},
  PDF = {https://hal.archives-ouvertes.fr/hal-01513750/file/main.pdf},
  HAL_ID = {hal-01513750},
  HAL_VERSION = {v1},
}

@techreport{jeannerod19tr,
  TITLE = {Specification of {UNIX} Utilities},
  AUTHOR = {Jeannerod, Nicolas and R{\'e}gis-Gianas, Yann and March{\'e}, Claude and Sighireanu, Mihaela and Treinen, Ralf},
  URL = {https://hal.inria.fr/hal-02321691},
  TYPE = {Technical Report},
  INSTITUTION = {HAL Archives Ouvertes},
  YEAR = 2019,
  MONTH = oct
}


@techreport{becker19tr,
  TITLE = {Revision 2 of {CoLiS} language: formal syntax, semantics, concrete and symbolic interpreters},
  AUTHOR = {Becker, Benedikt and March{\'e}, Claude and Jeannerod, Nicolas and Treinen, Ralf},
  URL = {https://hal.inria.fr/hal-02321743},
  TYPE = {Technical Report},
  INSTITUTION = {HAL Archives Ouvertes},
  YEAR = 2019,
  MONTH = oct
}


@Article{bobot14sttt,
  doi = {10.1007/s10009-014-0314-5},
  hal_id = {hal-00967132},
  url = {http://hal.inria.fr/hal-00967132/en},
  author =       {Fran\c{c}ois Bobot and Jean-Christophe Filli\^atre and Claude March\'e and Andrei Paskevich},
  title =        {Let's Verify This with {Why3}},
  journal =      {International Journal on Software Tools for Technology Transfer (STTT)},
  volume = 17,
  number = 6,
  pages = {709--727},
  year =         2015,
  note = "See also \url{http://toccata.lri.fr/gallery/fm2012comp.en.html}",
  publisher = {Springer Berlin / Heidelberg},
  x-type = {article},
  x-support = {revue},
  x-cle-support = {STTT},
  x-international-audience = {yes},
  x-editorial-board={yes}
}

@misc{github-colis,
  title = {The {CoLiS} toolchain},
  author = {{The CoLiS project}},
  howpublished = {\url{https://github.com/colis-anr}}
}

@misc{bench-colis,
  title = {The {CoLiS} bench},
  author = {{The CoLiS project}},
  howpublished =
     {\url{http://ginette.informatique.univ-paris-diderot.fr/~niols/colis-batch/}}}

@misc{artifact,
  author       = {{The CoLiS project}},
  title        = {{Artifact for Analysing installation scenarios of Debian Packages}},
  month        = feb,
  year         = 2020,
  publisher    = {Zenodo},
  howpublished = {Zenodo Repository},
  doi          = {10.5281/zenodo.3678390}
}
